@inproceedings{one,
  title={Time-domain generalized cross correlation phase transform sound source localization for small microphone arrays},
  author={Van Den Broeck, Bert and Bertrand, Alexander and Karsmakers, Peter and Vanrumste, Bart and Moonen, Marc and others},
  booktitle={2012 5th European DSP Education and Research Conference (EDERC)},
  pages={76--80},
  year={2012},
  organization={IEEE}
}
@ARTICLE{two,
author={C. {Knapp} and G. {Carter}},
journal={IEEE Transactions on Acoustics, Speech, and Signal Processing},
title={The generalized correlation method for estimation of time delay},
year={1976},
volume={24},
number={4},
pages={320-327},
keywords={Correlation;Delay estimation;Delay effects;Maximum likelihood estimation;Correlators;Propagation delay;Frequency;Signal to noise ratio;Signal processing;Mathematical model},
doi={10.1109/TASSP.1976.1162830},
ISSN={0096-3518},
month={August},}

@INPROCEEDINGS{three,
author={B. {Kwon} and Y. {Park} and Y. {Park}},
booktitle={ICCAS 2010},
title={Analysis of the GCC-PHAT technique for multiple sources},
year={2010},
volume={},
number={},
pages={2070-2073},
keywords={acoustic signal processing;Fourier transforms;inverse transforms;microphones;time-of-arrival estimation;GCC-PHAT technique;multiple sources;time delay of arrival;TDOA;acoustic signals;microphones;generalized cross correlation method;inverse Fourier transformation;Correlation;White noise;Speech;Mathematical model;Microphones;Vibration control;multiple sources localization;time delay of arrival (TDOA);generalized cross correlation (GCC)},
doi={10.1109/ICCAS.2010.5670137},
ISSN={},
month={Oct},}

@article{four,
  title={Localization in virtual acoustic displays},
  author={Wenzel, Elizabeth M},
  journal={Presence: Teleoperators \& Virtual Environments},
  volume={1},
  number={1},
  pages={80--107},
  year={1992},
  publisher={MIT Press}
}

@article{live,
  title={Live Convolution with Time-Variant Impulse Response},
  author={Brandtsegg, {\O}yvind and Saue, Sigurd},
  year={2017},
  publisher={DAFx Board}
}

@ARTICLE{six,
author={Chong-Jin {Tan} and Woon-Seng {Gan} },
journal={Electronics Letters},
title={User-defined spectral manipulation of HRTF for improved localisation in 3D sound systems},
year={1998},
volume={34},
number={25},
pages={2387-2389},
keywords={transfer functions;HRTF;head related transfer function;localisation;3D sound system;user customisation;spectral manipulation},
doi={10.1049/el:19981629},
ISSN={0013-5194},
month={Dec},}

@ARTICLE{seven,
author={C. P. {Brown} and R. O. {Duda}},
journal={IEEE Transactions on Speech and Audio Processing},
title={A structural model for binaural sound synthesis},
year={1998},
volume={6},
number={5},
pages={476-488},
keywords={transfer functions;acoustic signal processing;signal synthesis;acoustic wave diffraction;hearing;structural model;binaural sound synthesis;monaural source;horizontal effects;vertical effects;simplified time-domain description;wave propagation;diffraction;delay;reflection;DSP hardware implementation;head-related transfer functions;Time domain analysis;Waves;Acoustic propagation;Acoustic diffraction;Delay;Acoustic reflection;Digital signal processing;Hardware;Transfer functions;Testing},
doi={10.1109/89.709673},
ISSN={1063-6676},
month={Sep.},}

@article{eight,
author = {Wallach, H},
year = {1940},
month = {10},
pages = {339-368},
title = {The role of head movements and vestibular and visual cues in sound localization},
volume = {27},
journal = {Journal of Experimental Psychology},
doi = {10.1037/h0054629}
}

@INPROCEEDINGS{cipic,
author={V. R. {Algazi} and R. O. {Duda} and D. M. {Thompson} and C. {Avendano}},
booktitle={Proceedings of the 2001 IEEE Workshop on the Applications of Signal Processing to Audio and Acoustics (Cat. No.01TH8575)},
title={The CIPIC HRTF database},
year={2001},
volume={},
number={},
pages={99-102},
keywords={transfer functions;audio signal processing;CIPIC HRTF database;public-domain database;high-spatial-resolution;head-related transfer functions;UC Davis;CIPIC Interface Laboratory;impulse responses;anthropometric parameters;temporal features;spectral features;sound localization cues;spatial audio systems;Laboratories;Azimuth;Spatial databases;Position measurement;Transfer functions;Ear;Microphones;Statistics;Anthropometry;Acoustic scattering},
doi={10.1109/ASPAA.2001.969552},
ISSN={},
month={Oct},}
